<collection xmlns="http://www.loc.gov/MARC21/slim">
<record>
  <leader>01174nam0a22002051i 450 </leader>
  <controlfield tag="001">IT\ICCU\CNCE\043696</controlfield>
  <controlfield tag="005">19990111000000.0</controlfield>
  <datafield tag="012" ind1=" " ind2=" ">
    <subfield code="a">ase, pois noa. dimi (3) 1583 (R)</subfield>
    <subfield code="2">fei</subfield>
  </datafield>
  <datafield tag="100" ind1=" " ind2=" ">
    <subfield code="a">19990107d1583        0itac0103    ba</subfield>
  </datafield>
  <datafield tag="101" ind1=" " ind2=" ">
    <subfield code="a">LAT</subfield>
  </datafield>
  <datafield tag="102" ind1=" " ind2=" ">
    <subfield code="a">IT</subfield>
  </datafield>
  <datafield tag="200" ind1="1" ind2=" ">
    <subfield code="a"></subfield>
  </datafield>
  <datafield tag="210" ind1=" " ind2=" ">
    <subfield code="a">Venetiis</subfield>
    <subfield code="c">apud Fabium</subfield>
    <subfield code="d">&amp; August. Zoppinos</subfield>
    <subfield code="d">fratres</subfield>
    <subfield code="d">1583</subfield>
    <subfield code="e">Venetiis</subfield>
    <subfield code="g">apud Fabium &amp; August. Zoppinos fratres</subfield>
    <subfield code="h">1583</subfield>
  </datafield>
  <datafield tag="215" ind1=" " ind2=" ">
    <subfield code="a">143, \1! p.</subfield>
    <subfield code="d"></subfield>
  </datafield>
  <datafield tag="300" ind1=" " ind2=" ">
    <subfield code="a">((Falsificazione del canonico Andrea Domenico Fiocchi pubblicata a Milano nel 1477 sotto il nome dello storico Fenestella. - Mar</subfield>
  </datafield>
  <datafield tag="700" ind1=" " ind2="1">
    <subfield code="a">Fiocco,</subfield>
    <subfield code="b">Andrea Domenico</subfield>
    <subfield code="3">IT\ICCU\CNCA\005405</subfield>
  </datafield>
  <datafield tag="790" ind1=" " ind2="1">
    <subfield code="a">Fenestella,</subfield>
    <subfield code="b">Lucius</subfield>
    <subfield code="3">IT\ICCU\CNCA\014041</subfield>
    <subfield code="z">Fiocco, Andrea Domenico</subfield>
  </datafield>
  <datafield tag="790" ind1=" " ind2="1">
    <subfield code="a">Floccus,</subfield>
    <subfield code="b">Andreas Dominicus</subfield>
    <subfield code="3">IT\ICCU\CNCA\019078</subfield>
    <subfield code="z">Fiocco, Andrea Domenico</subfield>
  </datafield>
  <datafield tag="801" ind1=" " ind2="3">
    <subfield code="a">IT</subfield>
    <subfield code="b">ICCU</subfield>
    <subfield code="c">20201114</subfield>
  </datafield>
  <datafield tag="899" ind1=" " ind2=" ">
    <subfield code="a">Biblioteca nazionale centrale. Roma</subfield>
    <subfield code="1">RM0267</subfield>
    <subfield code="2">BVE CR</subfield>
  </datafield>
</record>
</collection>
